@inproceedings{inproceedings,
  author  = {Guttman, Antonin},
  year    = {1984},
  month   = {01},
  pages   = {47-57},
  title   = {R Trees: A Dynamic Index Structure for Spatial Searching},
  volume  = {14},
  journal = {Sigmod Record},
  doi     = {10.1145/971697.602266}
}

@article{doi:10.1177/0165551509340360,
  author   = {Amer F. Al-Badarneh and Qussai Yaseen and Ismail Hmeidi},
  title    = {A new enhancement to the R-tree node splitting},
  journal  = {Journal of Information Science},
  volume   = {36},
  number   = {1},
  pages    = {3-18},
  year     = {2010},
  doi      = {10.1177/0165551509340360},
  url      = { 
              https://doi.org/10.1177/0165551509340360
              
              },
  eprint   = { 
              https://doi.org/10.1177/0165551509340360
              
              },
}



